@incollection{gaßnerAstroBook,
  author    = {Josef M. Gaßner / Jörn Müller},
  title     = {Können wir die Welt verstehen?},
  publisher = {S. Fischer},
  year      = {2019},
  pages     = {125--131},
  edition   = {1},
}

@misc{seifner2025zeroshotimputationfoundationinference,
	title={Zero-shot Imputation with Foundation Inference Models for Dynamical Systems}, 
	author={Patrick Seifner and Kostadin Cvejoski and Antonia Körner and Ramsés J. Sánchez},
	year={2025},
	eprint={2402.07594},
	archivePrefix={arXiv},
	primaryClass={cs.LG},
	url={https://arxiv.org/abs/2402.07594}, 
}

@article{Lu_2021,
	title={Learning nonlinear operators via DeepONet based on the universal approximation theorem of operators},
	volume={3},
	ISSN={2522-5839},
	url={http://dx.doi.org/10.1038/s42256-021-00302-5},
	DOI={10.1038/s42256-021-00302-5},
	number={3},
	journal={Nature Machine Intelligence},
	publisher={Springer Science and Business Media LLC},
	author={Lu, Lu and Jin, Pengzhan and Pang, Guofei and Zhang, Zhongqiang and Karniadakis, George Em},
	year={2021},
	month=mar, pages={218–229} }

@article{vaswani2017attention,
	title={Attention is all you need},
	author={Vaswani, Ashish and Shazeer, Noam and Parmar, Niki and Uszkoreit, Jakob and Jones, Llion and Gomez, Aidan N and Kaiser, {\L}ukasz and Polosukhin, Illia},
	journal={Advances in neural information processing systems},
	volume={30},
	year={2017}
}

@article{Benk__2014,
	title={LONG-TIMESCALE BEHAVIOR OF THE BLAZHKO EFFECT FROM RECTIFIED
	KEPLER
	DATA},
	volume={213},
	ISSN={1538-4365},
	url={http://dx.doi.org/10.1088/0067-0049/213/2/31},
	DOI={10.1088/0067-0049/213/2/31},
	number={2},
	journal={The Astrophysical Journal Supplement Series},
	publisher={American Astronomical Society},
	author={Benkő, J. M. and Plachy, E. and Szabó, R. and Molnár, L. and Kolláth, Z.},
	year={2014},
	month=jul, pages={31} }
