@misc{gu2024mambalineartimesequencemodeling,
      title={Mamba: Linear-Time Sequence Modeling with Selective State Spaces},
      author={Albert Gu and Tri Dao},
      year={2024},
      eprint={2312.00752},
      archivePrefix={arXiv},
      primaryClass={cs.LG},
      url={https://arxiv.org/abs/2312.00752},
}

@misc{gu2021combiningrecurrentconvolutionalcontinuoustime,
      title={Combining Recurrent, Convolutional, and Continuous-time Models with Linear State-Space Layers},
      author={Albert Gu and Isys Johnson and Karan Goel and Khaled Saab and Tri Dao and Atri Rudra and Christopher RÃ©},
      year={2021},
      eprint={2110.13985},
      archivePrefix={arXiv},
      primaryClass={cs.LG},
      url={https://arxiv.org/abs/2110.13985},
}
@misc{gu2020hipporecurrentmemoryoptimal,
	title={HiPPO: Recurrent Memory with Optimal Polynomial Projections}, 
	author={Albert Gu and Tri Dao and Stefano Ermon and Atri Rudra and Christopher Re},
	year={2020},
	eprint={2008.07669},
	archivePrefix={arXiv},
	primaryClass={cs.LG},
	url={https://arxiv.org/abs/2008.07669}, 
}

@article{pascanu2013difficulty,
	title={On the difficulty of training recurrent neural networks},
	author={Pascanu, R},
	journal={arXiv preprint arXiv:1211.5063},
	year={2013}
}

@article{niu2019recurrent,
	title={Recurrent neural networks in the eye of differential equations},
	author={Niu, Murphy Yuezhen and Horesh, Lior and Chuang, Isaac},
	journal={arXiv preprint arXiv:1904.12933},
	year={2019}
}

@article{liu2020understanding,
	title={Understanding the difficulty of training transformers},
	author={Liu, Liyuan and Liu, Xiaodong and Gao, Jianfeng and Chen, Weizhu and Han, Jiawei},
	journal={arXiv preprint arXiv:2004.08249},
	year={2020}
}

@article{bai2018empirical,
	title={An empirical evaluation of generic convolutional and recurrent networks for sequence modeling},
	author={Bai, Shaojie and Kolter, J Zico and Koltun, Vladlen},
	journal={arXiv preprint arXiv:1803.01271},
	year={2018}
}

@book{williams2007linear,
	title={Linear state-space control systems},
	author={Williams, Robert L and Lawrence, Douglas A and others},
	year={2007},
	publisher={John Wiley \& Sons}
}

@inproceedings{mamba2,
  title={Transformers are {SSM}s: Generalized Models and Efficient Algorithms Through Structured State Space Duality},
  author={Dao, Tri and Gu, Albert},
  booktitle={International Conference on Machine Learning (ICML)},
  year={2024}
}

@misc{mypy,
	author       = {Jukka Lehtosalo and contributors},
	title        = {Mypy: Optional Static Typing for Python},
	year         = {2014},
	howpublished = {\url{http://mypy-lang.org/}},
	note         = {Version as of 2025}
}
@misc{pylint,
	author       = {Python Code Quality Authority (PyCQA) and contributors},
	title        = {Pylint: Static Code Analysis for Python},
	year         = {2003},
	howpublished = {\url{https://pylint.pycqa.org/}},
	note         = {Version as of 2025}
}

@misc{falcon2019pytorch,
	author       = {William Falcon},
	title        = {PyTorch Lightning},
	year         = {2019},
	howpublished = {\url{https://github.com/Lightning-AI/lightning}},
	note         = {Accessed: 2025-02-17}
}

@misc{ssmvisualguide,
	title = {A Visual Guide to Mamba and State Space Models},
	howpublished = {\url{https://www.maartengrootendorst.com/blog/mamba/}},
	note = {Accessed: 2024-11-21}
}

@online{Transkribus,
	author = {READ-COOP SCE},
	title = {Transkribus},
	url = {https://readcoop.eu/de/transkribus/},
	urldate = {2023-11-28}
}

@misc{schultze2024chroniclinggermanyannotatedhistorical,
	title={Chronicling Germany: An Annotated Historical Newspaper Dataset}, 
	author={Christian Schultze and Niklas Kerkfeld and Kara Kuebart and Princilia Weber and Moritz Wolter and Felix Selgert},
	year={2024},
	eprint={2401.16845},
	archivePrefix={arXiv},
	primaryClass={cs.DL},
	url={https://arxiv.org/abs/2401.16845}, 
}